@book{hofmann2015,
  author    = {Philip Hofmann},
  title     = {Solid State Physics: An Introduction},
  edition   = {2nd},
  year      = {2015},
  location = {Darmstadt},
  publisher = {Wiley-VCH},
  isbn      = {978-3-527-41161-6}
}